@book{brown04,
  author    = "Brown, James~Ward and Churchill, Ruel~V.",
  title     = "Complex Variables and Applications",
  publisher = "McGraw-Hill",
  edition   = "7th", 
  year      = "2004"
}

@article{boas10,
  author    = "Boas, Harold~P.",
  title     = "Julius and {J}ulia: Mastering the art of the {S}chwarz lemma.",
  journal   = "The American Mathematical Monthly", 
  volume    = "117",
  number    = "9",
  pages     = "770--785",
  year      = "2010"
}
  
  
@book{steele04,
  title={The Cauchy-Schwarz master class: an introduction to the art of mathematical inequalities},
  author={Steele, J Michael},
  year={2004},
  publisher={Cambridge University Press}
}

@book{strichartz00,
  title={The way of analysis},
  author={Strichartz, Robert S},
  year={2000},
  publisher={Jones \& Bartlett Learning}
}
